% Encoding: UTF-8

@Article{Finkelstein1994,
  author    = {A. C. W. Finkelstein and D. Gabbay and A. Hunter and J. Kramer and B. Nuseibeh},
  title     = {Inconsistency handling in multiperspective specifications},
  journal   = {IEEE Transactions on Software Engineering},
  year      = {1994},
  volume    = {20},
  number    = {8},
  pages     = {569--578},
  issn      = {0098-5589},
  doi       = {10.1109/32.310667},
  file      = {:Instant_consistency_checking_for_the_UML.pdf:PDF},
  publisher = {IEEE},
}

@InProceedings{Tsiolakis2000,
  author       = {Aliki Tsiolakis},
  title        = {Consistency analysis of UML class and sequence diagrams based on attributed typed graphs and their transformation},
  booktitle    = {ETAPS 2000 workshop on graph transformation systems},
  year         = {2000},
  volume       = {50},
  pages        = {266-274},
  organization = {Citeseer},
  doi          = {10.1016/s1571-0661(04)00178-1},
  file         = {:Consistency_Analysis_of_UML_based_on_attributed_Typed_Graphs.pdf:PDF},
  issn         = {1571-0661},
}

@InProceedings{Briand2003,
  author       = {Briand, Lionel C and Labiche, Yvan and O'Sullivan, Leeshawn},
  title        = {Impact analysis and change management of UML models},
  booktitle    = {International Conference on Software Maintenance, 2003. ICSM 2003. Proceedings.},
  year         = {2003},
  pages        = {256--265},
  organization = {IEEE},
  file         = {:Impact_Analysis_and_Change_Management_of_UML_Models.pdf:PDF},
}

@InProceedings{VanDerStraeten2003,
  author       = {Van Der Straeten, Ragnhild and Mens, Tom and Simmonds, Jocelyn and Jonckers, Viviane},
  title        = {Using description logic to maintain consistency between UML models},
  booktitle    = {International Conference on the Unified Modeling Language},
  year         = {2003},
  pages        = {326--340},
  organization = {Springer},
  doi          = {10.1007/978-3-540-45221-8_28},
  file         = {:Using_Description_Logic_to_Maintain_Consistency_between_UML_Models.pdf:PDF},
  issn         = {0302-9743},
}

@InProceedings{Usman2008,
  author       = {Usman, Muhammad and Nadeem, Aamer and Kim, Tai-hoon and Cho, Eun-suk},
  title        = {A Survey of Consistency Checking Techniques for UML Models},
  booktitle    = {2008 Advanced Software Engineering and Its Applications},
  year         = {2008},
  pages        = {57--62},
  organization = {IEEE},
  doi          = {10.1109/asea.2008.40},
  file         = {:A_Survey_of_Consistency_Techniques_for_UML_Models.pdf:PDF},
}

@InProceedings{Engels2001,
  author       = {Engels, Gregor and Heckel, Reiko and K{\"u}ster, Jochen Malte},
  title        = {Rule-Based Specification of Behavioral Consistency Based on the UML Meta-model},
  booktitle    = {International Conference on the Unified Modeling Language},
  year         = {2001},
  pages        = {272--286},
  organization = {Springer},
  doi          = {10.1007/3-540-45441-1_21},
  file         = {:Rule-Based_Specification_of_Behavioral_Consistency.pdf:PDF},
  issn         = {0302-9743},
}

@Article{Briand2006,
  author    = {L. C. Briand and Y. Labiche and L. O’Sullivan and M. M. Sówka},
  title     = {Automated impact analysis of UML models},
  journal   = {Journal of Systems and Software},
  year      = {2006},
  volume    = {79},
  number    = {3},
  pages     = {339--352},
  issn      = {0164-1212},
  doi       = {10.1016/j.jss.2005.05.001},
  file      = {:Automated_impact_analysis_of_UML_models.pdf:PDF},
  publisher = {Elsevier},
}

@InProceedings{Engels2002,
  author    = {Engels, Gregor and Hausmann, Jan Hendrik and Heckel, Reiko and Sauer, Stefan},
  title     = {Testing the consistency of dynamic UML diagrams},
  booktitle = {proc. sixth international conference on integrated design and process technology (IDPT 2002)},
  year      = {2002},
  file      = {:Testing_the_consistency_of_dynamic_uml_diagrams.pdf:PDF},
}

@InCollection{Mens2005,
  author    = {Mens, Tom and Van Der Straeten, Ragnhild and Simmonds, Jocelyn},
  title     = {A framework for managing consistency of evolving UML models},
  booktitle = {Software Evolution with UML and XML},
  publisher = {IGI Global},
  year      = {2005},
  pages     = {1--30},
  file      = {:A_Framework_for_Managing_Consistency_of.pdf:PDF},
}

@Article{Lucas2009,
  author    = {Lucas, Francisco J and Molina, Fernando and Toval, Ambrosio},
  title     = {A systematic review of UML model consistency management},
  journal   = {Information and Software Technology},
  year      = {2009},
  volume    = {51},
  number    = {12},
  pages     = {1631--1645},
  issn      = {0950-5849},
  doi       = {10.1016/j.infsof.2009.04.009},
  file      = {:A_systematic_review_of_UML_model_consistency_management.pdf:PDF},
  publisher = {Elsevier},
}

@InProceedings{Bodeveix2002,
  author       = {Bodeveix, Jean-Paul and Millan, Thierry and Percebois, Christian and Le Camus, Christophe and Bazex, Pierre and Feraud, Louis and Sobek, Ralph},
  title        = {Extending OCL for verifying UML models consistency},
  booktitle    = {Workshop on Consistency Problems in UML-based Software Development, 5th International Conference on the Unified Modeling Language-the Language and its applications (UML'2002), Dresden, Germany},
  year         = {2002},
  pages        = {75--90},
  organization = {Citeseer},
  file         = {:Extending_OCL_for_verifying_UML_models_consistency.pdf:PDF},
}

@Article{Simmonds2004,
  author  = {Simmonds, Jocelyn and Van Der Straeten, Ragnhild and Jonckers, Viviane and Mens, Tom},
  title   = {Maintaining Consistency between UML Models Using Description Logic},
  journal = {L'OBJET},
  year    = {2004},
  volume  = {10},
  number  = {2-3},
  pages   = {231--244},
  issn    = {1262-1137},
  doi     = {10.3166/objet.10.2-3.231-244},
  file    = {:Maintaining_Consistency_between_UML_Models_Using_Description_Logic..pdf:PDF},
}

@InProceedings{Egyed2006,
  author       = {Egyed, Alexander},
  title        = {Instant consistency checking for the UML},
  booktitle    = {Proceedings of the 28th international conference on Software engineering},
  year         = {2006},
  pages        = {381--390},
  organization = {ACM},
  doi          = {10.1145/1134285.1134339},
  file         = {:Instant_consistency_checking_for_the_UML.pdf:PDF},
}

@InProceedings{Loja2010,
  author    = {Loja, Luiz Fernando Batista and Neto, V and Costa, S and Oliveira, J},
  title     = {A business process metamodel for enterprise information systems automatic generation},
  booktitle = {Anais do I Congresso Brasileiro de Software: Teoria e Pr{\'a}tica-I Workshop Brasileiro de Desenvolvimento de Software Dirigido por Modelos},
  year      = {2010},
  volume    = {8},
  pages     = {37--44},
  file      = {:A_business_process_metamodel_for_enterprise_information_systems_automatic_generation.pdf:PDF},
}

@InProceedings{Belkhouche1996,
  author       = {Belkhouche, Boumediene and Lemus, C},
  title        = {Multiple View Analysis and Design},
  booktitle    = {Proceedings of the Viewpoint 96: International Workshop on Multiple Perspectives in Software Development},
  year         = {1996},
  organization = {Citeseer},
  doi          = {10.1145/243327.243637},
  file         = {:Multiple_View_Analysis_of_Designs.pdf:PDF},
}

@InProceedings{Egyed2001,
  author       = {Egyed, Alexander},
  title        = {Scalable consistency checking between diagrams-The VIEWINTEGRA approach},
  booktitle    = {Proceedings 16th Annual International Conference on Automated Software Engineering (ASE 2001)},
  year         = {2001},
  pages        = {387--390},
  organization = {IEEE},
  file         = {:Scalable_consistency_checking_between_diagrams_-_the_VIEWINTEGRA_approach.pdf:PDF},
}

@InProceedings{Schoen,
  author = {Sch{\"o}n, Hendrik and Strahringer, Susanne and Furrer, Frank J and K{\"u}hn, Thomas},
  title  = {Business Role-Object Specification: A Language for Behavior-aware Structural Modeling of Business Objects},
  file   = {:Business_Role_Object_Specification.pdf:PDF},
  year   = {2019},
  pages        = {244--258},
  organization = {AIS},
}

@InProceedings{Rasch2003,
  author        = {Rasch, Holger and Wehrheim, Heike},
  title         = {Checking Consistency in UML Diagrams: Classes and State Machines},
  booktitle     = {International Conference on Formal Methods for Open Object-Based Distributed Systems},
  year          = {2003},
  pages         = {229--243},
  organization  = {Springer},
  __markedentry = {[lars:]},
  doi           = {10.1007/978-3-540-39958-2_16},
  file          = {:2003_Book_FormalMethodsForOpenObject-Bas.pdf:PDF},
  issn          = {0302-9743},
}

@InProceedings{Kim2004,
  author        = {Kim, S-K and Carrington, David},
  title         = {A formal object-oriented approach to defining consistency constraints for UML models},
  booktitle     = {2004 Australian Software Engineering Conference. Proceedings.},
  year          = {2004},
  pages         = {87--94},
  organization  = {IEEE},
  __markedentry = {[lars:]},
  doi           = {10.1109/aswec.2004.1290461},
  file          = {:A_Formal_Object_Oriented_Approach_to_definig_Consistency_Constraints.pdf:PDF},
}

@InProceedings{Shinkawa2006,
  author        = {Shinkawa, Yoshiyuki},
  title         = {Inter-Model Consistency in UML Based on CPN Formalism},
  booktitle     = {2006 13th Asia Pacific Software Engineering Conference (APSEC'06)},
  year          = {2006},
  pages         = {411--418},
  organization  = {IEEE},
  __markedentry = {[lars:]},
  doi           = {10.1109/apsec.2006.41},
  file          = {:Inter_Model_Consistency_in_UML_Based_on_CPN_Formalism.pdf:PDF},
}

@InProceedings{Nuseibeh1996,
  author        = {Nuseibeh, Bashar},
  title         = {To be and not to be: On managing inconsistency in software development},
  booktitle     = {Proceedings of the 8th International Workshop on Software Specification and Design},
  year          = {1996},
  pages         = {164--169},
  organization  = {IEEE},
  __markedentry = {[lars:6]},
  file          = {:To be and not to be\: on managing inconsistency in software development.pdf:PDF},
}

@InProceedings{Huzar2004,
  author        = {Huzar, Zbigniew and Kuzniarz, Ludwik and Reggio, Gianna and Sourrouille, Jean Louis},
  title         = {Consistency Problems in UML-Based Software Development},
  booktitle     = {International Conference on the Unified Modeling Language},
  year          = {2004},
  pages         = {1--12},
  organization  = {Springer},
  __markedentry = {[lars:6]},
  doi           = {10.1007/978-3-540-31797-5_1},
  file          = {:Consistency Problems in UML-Based Software Development.pdf:PDF},
  issn          = {0302-9743},
}

@inproceedings{kuhn2014metamodel,
  title={A metamodel family for role-based modeling and programming languages},
  author={K{\"u}hn, Thomas and Leuth{\"a}user, Max and G{\"o}tz, Sebastian and Seidl, Christoph and A{\ss}mann, Uwe},
  booktitle={International Conference on Software Language Engineering},
  pages={141--160},
  year={2014},
  organization={Springer}
}

@inproceedings{bernardi2002uml,
  title={From UML sequence diagrams and statecharts to analysable petri net models},
  author={Bernardi, Simona and Donatelli, Susanna and Merseguer, Jos{\'e}},
  booktitle={Proceedings of the 3rd international workshop on Software and performance},
  pages={35--45},
  year={2002},
  organization={ACM}
}

@inproceedings{satoh2006contradiction,
  title={Contradiction finding and minimal recovery for UML class diagrams},
  author={Satoh, Ken and Kaneiwa, Ken and Uno, Takeaki},
  booktitle={21st IEEE/ACM International Conference on Automated Software Engineering (ASE'06)},
  pages={277--280},
  year={2006},
  organization={IEEE}
}

@online{duden,
  author = {Duden},
  title = {Duden | Konsistenz},
  year = 2019,
  url = {https://www.duden.de/rechtschreibung/Konsistenz},
  urldate = {2019-09-24}
}

@Comment{jabref-meta: databaseType:bibtex;}
